
@TECHREPORT{aiex00,
   author = "Renata M. Aiex and Mauricio G. C. Resende and Panos M. Pardalos and Gerardo Toraldo",
   title = "GRASP with path-relinking for the three-index assignment problem",
   institution = "AT\&T Labs-Research",
   type = "",
   number = "",
   address = "",
   month = "",
   year = {2000},
   note = "",}


@UNPUBLISHED{aiex02,
   author = {Renata M. Aiex and Mauricio G. C. Resende and Celso C. Ribeiro},
   title = {Probability distribution of solution time in GRASP: an experimental investigation},
   publisher = {MirraMarx.com},
   address = {},
   month = {},
   accessed = "23 October 2005",
   year = {2003},
   URL = {www.MirraMarx.com/graspintime.html},
   note = {}, }


@ARTICLE{ed84,
   author = "D. M. F. Edwards and Paul A. Madden and Ian R. McDonald",
   title = "Parallel GRASP with path-relinking for job shop scheduling",
   journal = "Mol. Phys.",
   year = "1984",
   volume = "51",
   number = "5",
   pages = "1141--1151",
   month = {},
   note = {}, }


@TRANSLATEDBOOK{fzf88,
   author = {F. French},
   chaptertitle = {English title of a chapter in the translation of a book in a foreign language},
   title = {Title of a Book in Another Language (Quoted in that Language)},
   englishtitle = {English translation},
   volume = {},
   series = {},
   publisher = {Dover},
   address = {New York},
   edition = {P. Smith},
   month = {},
   year = {1988},
   note = {Original work published 1923},}


@INCOLLECTION{glov00,
   author = {Fred Glover and C. C. Ribeiro},
   title = {Multi-start and strategic oscillation methods -- principles to exploit adaptive memory},
   editor = {Manuel Laguna and Jos\'{d} Luis  Gonz\'{a}les-Velarde},
   booktitle = {Computing Tools for Modeling, Optimization and Simulation: Interfaces in Computer Science and Operations Research},
   number = {},
   series = {},
   chapter = {},
   type = {},
   pages = "1--24",
   publisher = {Kluwer Academic},
   address = {Boston, MA},
   edition = {2nd},
   month = {},
   year = {2000},
   note = {},}


@MISC{kato95,
   author = {K. Kato},
   title = {Bubbles in Japan's stock markets: a macroeconomic analysis},
   publisher = {},
   address = {},
   month = {},
   year = {1995},
   note = {Working Paper, Columbia University},}


@INPROCEEDINGS{hk96,
   author = "Hudson Kern",
   title = "The resurgent Japanese economy and a Japan--United States free trade agreement",
   booktitle = "4th International Conference on the Restructuring of the Economic and Political System in Japan and Europe",
   location = "Milan, Italy",
   number = "",
   series = "",
   pages ={147--156},
   month = {21--25 May 1996},
   year = "1997",
   address = "Singapore",
   organization = "",
   publisher = "World Scientific",
   note = {},}


@PHDTHESIS{lam86,
   author = {Leslie Lamport},
   title = "Efficient algorithms for layer assignment problems",
   school = {University of Princeton},
   type = {PhD thesis},
   address = {NJ},
   month = {},
   year = {1996},
   note = {},}


@INBOOK{mtw73,
   author = {},
   title = {Gravitation},
   editor = "Charles W. Misner",
   chapter = {Efficient algorithms for layer assignment problems},
   pages = {},
   volume = {},
   series = {},
   publisher = {Freeman},
   address = {San Francisco, CA},
   edition = {},
   month = {},
   year = {1973},
   note = {},}


@ARTICLE{neu83,
   author = "Martin Neumann",
   title = "Parallel GRASP with path-relinking for job shop scheduling",
   journal = "Mol. Phys.",
   year = "1983",
   volume = "50",
   number = "2",
   pages = "841--843",
   month = {},
   note = {}, }


@BOOK{fwp02,
   author = {F. W. Patel},
   title = {Title of Book},
   volume = {II},
   series = {Monographs on Technical Aspects},
   publisher = {Dover},
   address = {New York},
   edition = {},
   month = {},
   year = {2002},
   note = {},}
